<record><leader>00000cas a22000007a 4500</leader><controlfield tag="001">10176442</controlfield><controlfield tag="008">831201d18421920pauwr ne      0    0eng d</controlfield><datafield ind1=" " ind2=" " tag="010"><subfield code="a">sn 83032119 </subfield></datafield><datafield ind1=" " ind2=" " tag="040"><subfield code="a">NPU</subfield><subfield code="b">eng</subfield><subfield code="c">NPU</subfield><subfield code="d">NPH</subfield><subfield code="d">DLC</subfield><subfield code="d">NPX</subfield><subfield code="d">OCL</subfield><subfield code="d">NPH</subfield><subfield code="d">NVH</subfield><subfield code="d">YOX</subfield><subfield code="d">CNW</subfield><subfield code="d">MGN</subfield><subfield code="d">OCL</subfield><subfield code="d">KRTAS</subfield><subfield code="d">OCLCF</subfield><subfield code="d">OCLCO</subfield></datafield><datafield ind1=" " ind2=" " tag="012"><subfield code="b">3</subfield></datafield><datafield ind1=" " ind2=" " tag="019"><subfield code="a">2260195</subfield></datafield><datafield ind1="1" ind2=" " tag="029"><subfield code="a">AU@</subfield><subfield code="b">000025835110</subfield></datafield><datafield ind1=" " ind2=" " tag="042"><subfield code="a">msc</subfield></datafield><datafield ind1="0" ind2="0" tag="050"><subfield code="a">Newspaper 9446</subfield></datafield><datafield ind1="0" ind2=" " tag="130"><subfield code="a">Democratic standard (Hollidaysburg, Pa.)</subfield></datafield><datafield ind1="0" ind2="0" tag="245"><subfield code="a">Democratic standard.</subfield></datafield><datafield ind1=" " ind2=" " tag="260"><subfield code="a">Hollidaysbug [i.e., Hollidaysburg], Pa. :</subfield><subfield code="b">Traugh &amp; Boggs,</subfield></datafield><datafield ind1=" " ind2=" " tag="300"><subfield code="a">v.</subfield></datafield><datafield ind1=" " ind2=" " tag="310"><subfield code="a">Weekly</subfield></datafield><datafield ind1="0" ind2=" " tag="362"><subfield code="a">Vol. 2, no. 17 (Apr. 22, 1842)-</subfield></datafield><datafield ind1="1" ind2=" " tag="362"><subfield code="a">Ceased in 1920?</subfield></datafield><datafield ind1=" " ind2=" " tag="500"><subfield code="a">Publishers: John Dougherty, &lt;1844-1845&gt;; O.S. Traugh &amp; A.S. Dougherty, &lt;1846&gt;; O.A. Traugh, &lt;1849-1876&gt;.</subfield></datafield><datafield ind1=" " ind2=" " tag="500"><subfield code="a">Democratic, &lt;1846&gt;.</subfield></datafield><datafield ind1=" " ind2=" " tag="500"><subfield code="a">Editor: O.A. Traugh, &lt;1876&gt;.</subfield></datafield><datafield ind1=" " ind2="0" tag="651"><subfield code="a">Hollidaysburg (Pa.)</subfield><subfield code="v">Newspapers.</subfield></datafield><datafield ind1=" " ind2="7" tag="655"><subfield code="a">Newspapers.</subfield><subfield code="2">fast</subfield><subfield code="0">(OCoLC)fst01423814</subfield></datafield><datafield ind1=" " ind2="7" tag="651"><subfield code="a">Pennsylvania</subfield><subfield code="z">Hollidaysburg.</subfield><subfield code="2">fast</subfield><subfield code="0">(OCoLC)fst01232444</subfield></datafield><datafield ind1=" " ind2=" " tag="752"><subfield code="a">United States</subfield><subfield code="b">Pennsylvania</subfield><subfield code="c">Blair</subfield><subfield code="d">Hollidaysburg.</subfield></datafield><datafield ind1="0" ind2="0" tag="780"><subfield code="t">Democratic standard and Huntingdon County gazette</subfield><subfield code="w">(DLC)sn 85054717</subfield></datafield><datafield ind1="0" ind2="5" tag="780"><subfield code="t">Beacon light (Hollidaysburg, Pa.)</subfield><subfield code="g">1845</subfield><subfield code="w">(DLC)sn 85055180</subfield></datafield><datafield ind1=" " ind2=" " tag="938"><subfield code="a">Kirtas Technologies, Inc.</subfield><subfield code="b">KRTS</subfield><subfield code="n">737926</subfield></datafield></record>